<record><leader>00000cas a2200000Ia 4500</leader><controlfield tag="001">7988378</controlfield><controlfield tag="008">811211d1851185uvaumr n       0    0eng d</controlfield><datafield ind1=" " ind2=" " tag="010"><subfield code="a">sn 96096720 </subfield></datafield><datafield ind1=" " ind2=" " tag="040"><subfield code="a">VIC</subfield><subfield code="b">eng</subfield><subfield code="c">VIC</subfield><subfield code="d">NVK</subfield><subfield code="d">OCL</subfield><subfield code="d">NVK</subfield><subfield code="d">OCLCQ</subfield><subfield code="d">OCLCF</subfield><subfield code="d">OCLCO</subfield></datafield><datafield ind1=" " ind2=" " tag="043"><subfield code="a">n-us-va</subfield></datafield><datafield ind1=" " ind2=" " tag="090"><subfield code="a">F234.P78</subfield><subfield code="b">P8</subfield></datafield><datafield ind1="0" ind2="4" tag="245"><subfield code="a">The Port Royal times and school advocate.</subfield></datafield><datafield ind1=" " ind2=" " tag="260"><subfield code="a">Port Royal, Va. :</subfield><subfield code="b">[s.n.],</subfield><subfield code="c">1851-</subfield></datafield><datafield ind1=" " ind2=" " tag="300"><subfield code="a">v. ;</subfield><subfield code="c">30 cm.</subfield></datafield><datafield ind1=" " ind2=" " tag="310"><subfield code="a">Monthly</subfield></datafield><datafield ind1="0" ind2=" " tag="362"><subfield code="a">Vol. 1, no. 1 (Oct. 1851)-</subfield></datafield><datafield ind1=" " ind2=" " tag="500"><subfield code="a">Editor: E. Bauder, &lt;1851&gt;.</subfield></datafield><datafield ind1=" " ind2="0" tag="651"><subfield code="a">Port Royal (Va.)</subfield><subfield code="v">Newspapers.</subfield></datafield><datafield ind1=" " ind2="7" tag="655"><subfield code="a">Newspapers.</subfield><subfield code="2">fast</subfield><subfield code="0">(OCoLC)fst01423814</subfield></datafield><datafield ind1=" " ind2="7" tag="651"><subfield code="a">Virginia</subfield><subfield code="z">Port Royal.</subfield><subfield code="2">fast</subfield><subfield code="0">(OCoLC)fst01221110</subfield></datafield><datafield ind1="1" ind2=" " tag="700"><subfield code="a">Bauder, E.</subfield><subfield code="q">(Ezra),</subfield><subfield code="d">1824-</subfield></datafield><datafield ind1=" " ind2=" " tag="752"><subfield code="a">United States</subfield><subfield code="b">Virginia</subfield><subfield code="c">Caroline</subfield><subfield code="d">Port Royal.</subfield></datafield><datafield ind1=" " ind2=" " tag="936"><subfield code="a">Jan. 16, 1852 LIC.</subfield></datafield></record>